2341 3862
271 587 378 643 que
409 564 857 642 symbolographi
889 560 1166 621 tradidere
1187 559 1346 619 huius
1371 566 1499 620 artis
1520 566 1730 640 regulas
1755 587 1874 624 exa-

273 668 489 724 minare
515 665 611 722 illa
637 664 916 722 volueritis
933 707 948 728 ,
986 659 1145 719 valde
1170 656 1492 735 probaturos
1522 682 1616 719 vos
1637 666 1870 731 confidO,

275 765 576 821 Horatiani
605 762 930 838 praesertim
956 759 1102 816 illius
1139 777 1434 816 memores:
1855 817 1857 819 ‚

426 893 442 902 -
481 893 499 902 -
538 857 655 920 Vbi
676 858 839 935 plura
856 860 1036 915 nitent
1056 857 1115 912 in
1133 858 1409 922 carmine,
1433 876 1543 913 non
1563 876 1665 932 ego
1685 860 1872 931 paucis

428 958 694 1019 Offendar
725 956 965 1014 maculis.

446 1054 734 1115 Accedere
767 1054 878 1112 huc
924 1065 1167 1130 putem‚·-
1190 1047 1339 1125 quod
1369 1051 1504 1109 haec
1546 1049 1877 1111 emblemata

277 1155 446 1213 etiam
496 1154 930 1212 artifieiofiffimo
976 1150 1259 1225 scalptoris
1297 1152 1438 1226 stylo
1484 1148 1688 1207 affabre
1736 1149 1873 1209 adeo

279 1264 500 1310 exarata
538 1252 663 1317 sint,
722 1263 781 1309 vt
820 1262 1038 1326 praeter
1063 1268 1210 1312 eam,
1281 1267 1449 1323 quam
1493 1250 1611 1306 viui
1644 1249 1875 1315 colores,

281 1362 341 1408 vt
376 1350 576 1416 solent,
617 1350 885 1408 maiorem
924 1345 1229 1423 archetypo
1269 1347 1590 1413 conciliant,
1642 1348 1877 1422 gratiam

281 1452 340 1505 in
371 1459 571 1523 ectypo
602 1447 702 1505 isto
738 1446 879 1504 nihil
906 1442 1207 1504 admodum
1237 1446 1355 1518 quis
1383 1447 1505 1503 iure
1538 1447 1793 1522 requirat.

452 1544 563 1604 Sed
599 1547 806 1604 affatim
831 1549 1048 1621 prorsus
1079 1542 1147 1601 de
1182 1542 1288 1609 his,
1340 1563 1411 1601 ne
1437 1563 1646 1600 merces
1673 1542 1878 1600 nostras

278 1645 431 1701 inani
458 1643 772 1702 laudatione
803 1640 1093 1701 obtrudere
1121 1641 1241 1700 aliis
1264 1641 1409 1699 velle
1443 1639 1645 1698 videar.

447 1742 617 1799 Haud
644 1757 831 1800 tamen
858 1761 1006 1798 nune
1029 1743 1161 1806 sciO,
1200 1760 1272 1798 an
1303 1759 1481 1814 aeque
1512 1735 1795 1813 probaturi
1820 1739 1879 1797 fi-

275 1840 343 1895 tis
363 1837 565 1897 sodales
596 1843 836 1898 maxime
853 1837 1167 1904 reuerendi,
1195 1835 1360 1896 verba
1380 1839 1696 1896 sanctissimi
1719 1836 1876 1912 legis-

278 1935 463 1993 latoris
494 1938 660 1995 nostri
698 1940 911 2013 integra
939 1933 1357 1994 emblematibus
1398 1935 1660 1994 adiuncta
1704 1935 1878 1992 fuiffe.

277 2034 388 2092 His
416 2035 590 2099 enim,
631 2055 760 2092 curn
791 2037 1072 2108 ceteroqui
1096 2036 1252 2091 toties
1285 2036 1434 2108 typis
1467 2035 1738 2108 exscripta
1758 2033 1877 2098 fint,

279 2143 334 2188 et
367 2128 635 2189 mentibus
654 2133 839 2190 vestris
868 2129 1076 2189 dudum
1099 2129 1386 2195 haereant,
1428 2130 1581 2204 prela
1599 2128 1780 2188 denuo
1799 2132 1876 2189 fa-

279 2226 502 2303 tiganda
536 2249 647 2287 non
696 2231 852 2287 fuiss'e
876 2273 890 2295 ‚
942 2229 1343 2301 suffeciffeque,
1382 2224 1532 2284 locos
1562 2229 1655 2284 seu
1692 2232 1876 2287 versus

280 2325 399 2383 illos
430 2324 567 2383 solos
593 2347 904 2402 apponere,
952 2327 1045 2400 qui
1066 2321 1481 2382 emblematibus
1511 2323 1873 2392 illustrantur,

285 2419 518 2481 obiicere
568 2426 840 2499 quispiam
888 2424 1059 2499 poffit.
1121 2419 1232 2479 Sed
1268 2424 1371 2480 erit
1397 2423 1657 2488 fortasliS,
1714 2433 1775 2481 vt
1821 2434 1875 2481 et

282 2521 501 2579 alterius
541 2522 771 2579 instituti
812 2523 949 2579 sacri
975 2521 1255 2586 homineS,
1293 2521 1428 2596 quin
1451 2532 1504 2578 et
1525 2520 1747 2596 profani
1765 2541 1874 2579 em-

281 2615 517 2676 blemata
544 2619 679 2678 haec
710 2623 1008 2696 conspectu
1037 2623 1132 2677 suo
1155 2663 1169 2685 ,
1229 2617 1767 2694 considerationeque
1797 2618 1873 2677 di-

280 2736 387 2793 gna
424 2715 771 2775 arbitrentur.
843 2719 1118 2795 Magnum
1167 2729 1315 2774 certe
1359 2718 1621 2775 Etruriae
1671 2716 1870 2776 ducem

283 2816 554 2873 Cosmum
590 2819 627 2873 I.
665 2814 732 2874 de
775 2814 1016 2874 Medicis
1055 2819 1105 2873 S.
1146 2813 1400 2874 Benedicti
1432 2815 1661 2894 regulam
1689 2816 1870 2889 affidue

282 2911 335 2968 in
371 2912 600 2971 manibus
629 2917 861 2989 vetfizffe,
914 2915 1051 2994 quod
1081 2933 1148 2971 ex
1177 2933 1284 2971 tam
1301 2910 1631 2991 prudentibus
1659 2925 1752 2986 <vt
1776 2912 1871 2970 hu-

279 3011 363 3093 ius
383 3014 484 3094 *Vr-ei
531 3016 749 3094 causam
803 3010 1194 3091 sciscitantibus
1237 3010 1551 3087 respondit)
1601 3014 1653 3069 S.
1687 3011 1870 3082 Patris

1674 3122 1797 3177 prae-
