2341 3862
397 581 751 643 coenobitam
786 586 900 642 iam
946 605 1092 642 anno
1132 585 1292 644 huius
1326 586 1525 645 saeculi
1567 588 1739 644 altero
1788 598 1842 645 et
1876 607 1998 663 qua-

398 680 702 758 dragefimo
740 683 1168 762 Quinquagenam
1210 681 1566 760 Symbolorum
1605 684 1893 751 heroicam,
1925 687 2003 743 ita

398 777 602 839 librum
632 780 780 838 hunc
815 784 974 838 suum
1004 782 1298 857 inseripfit,
1349 781 1401 837 in
1427 782 1710 859 praecipua
1750 783 1918 861 capita
1957 802 2005 841 et

397 877 644 957 dogmata
681 881 730 934 S.
762 878 1004 956 Regulae.
1033 911 1054 919 -
1090 910 1111 919 -
1136 879 1182 933 S.
1212 877 1485 934 Benedicti
1520 877 1757 937 edidisse.
1809 879 1922 938 Sed
1952 892 2007 938 et

400 977 584 1051 ipsum
629 973 736 1032 hoc
778 995 942 1051 opus,
999 975 1093 1033 etfi
1135 976 1294 1032 citius
1339 977 1469 1032 iuris
1516 972 1720 1050 publici
1766 978 2008 1043 factum,

403 1075 572 1130 serius
601 1084 790 1130 tamen
817 1092 882 1130 ac
910 1076 1163 1148 praesens
1190 1072 1448 1132 Gallneri
1471 1074 1642 1131 nostri
1670 1071 2009 1132 elaboratum

399 1172 586 1235 fuisse,
635 1170 728 1226 vel
748 1168 946 1228 exinde
971 1170 1202 1236 constat,
1244 1168 1392 1245 quod
1410 1168 1500 1227 hic
1521 1173 1630 1229 iam
1671 1193 1818 1230 anno
1847 1176 2010 1247 supra

401 1265 754 1325 millefimum
806 1269 1352 1344 septingentesimum
1389 1272 1628 1345 septimo
1658 1284 1712 1327 et
1754 1272 2011 1329 vicesimo

405 1363 556 1424 diem
590 1367 752 1422 suum
780 1366 1104 1441 expleuerit.

576 1462 801 1522 Deinde
826 1484 965 1521 num
1005 1461 1157 1524 vobis
1191 1464 1400 1524 sodales
1437 1469 1676 1524 maxime
1704 1463 1924 1524 colendi
1944 1469 2017 1523 es·

406 1564 464 1619 se
502 1563 784 1636 acceptius
823 1564 1121 1637 quiequam
1158 1562 1242 1622 his
1264 1609 1278 1629 ,
1335 1583 1476 1639 quae
1521 1562 1819 1640 spectanda
1867 1561 2018 1621 vobis

410 1659 737 1725 offeruntur,
770 1656 1187 1719 emblematibus
1216 1664 1516 1737 praecipue
1542 1660 1610 1721 ob
1627 1663 2021 1739 grauiffimum,

412 1753 678 1831 vobisque
711 1756 871 1824 ade0‚
913 1770 973 1816 vt
1000 1760 1211 1816 nemini
1233 1763 1403 1835 magis
1425 1763 1741 1836 proprium,
1778 1780 1886 1836 quo
1915 1758 2021 1816 eol-

410 1854 626 1913 lineant
652 1868 1045 1930 argumentum
1088 1858 1196 1914 effe
1232 1859 1520 1915 censeam?
1574 1858 1672 1915 Est
1725 1860 1876 1915 enim
1914 1857 2021 1914 hoe

415 1971 529 2008 non
565 1949 742 2018 aliud,
785 1973 952 2028 quam
980 1954 1069 2011 lex
1105 1952 1200 2011 illa
1235 1975 1267 2013 a
1293 1956 1625 2013 sanetisfimo
1660 1967 1890 2031 parente
1929 1975 2021 2011 no·

411 2048 519 2106 stro
550 2050 778 2107 omnium
804 2050 1052 2126 iustorum
1083 2052 1284 2129 Spiritu
1319 2051 1470 2130 pleno
1497 2054 1551 2117 ²³⁴)
1572 2050 1726 2111 nobis
1754 2054 1888 2119 lata,
1927 2049 2021 2109 sub

414 2164 525 2221 qua
557 2146 799 2205 militare
828 2146 1041 2206 dudum
1069 2148 1219 2207 Vltro
1247 2147 1437 2207 diuino
1485 2150 1638 2209 ducti
1668 2153 1900 2209 numine
1935 2148 2021 2207 de-

413 2245 714 2310 creuimu8‚
755 2257 812 2303 et
843 2248 902 2303 in
930 2266 1039 2322 qua
1066 2243 1180 2305 dies
1210 2259 1507 2323 noctesque
1533 2247 1788 2307 meditari
1817 2247 2021 2323 volupe

417 2342 611 2415 vtique
648 2354 949 2418 propterea
985 2341 1142 2403 nobis
1178 2346 1272 2413 fit,
1316 2343 1465 2420 quod
1495 2365 1582 2412 ea,
1646 2367 1785 2422 quae
1815 2348 2021 2421 praeci-

417 2439 525 2512 pit,
557 2438 870 2506 facientibus
894 2437 1048 2499 nobis
1078 2463 1238 2522 regna
1267 2442 1514 2522 patebunt
1541 2463 1759 2501 aeterna.

593 2537 947 2613 Quamquam
984 2541 1103 2615 ipsa
1133 2561 1301 2616 porro
1334 2538 1684 2606 emblemata,
1712 2542 1822 2598 fiue
1854 2542 2022 2615 picto-

419 2633 490 2688 ris
523 2632 692 2689 nostri
723 2636 781 2690 in
827 2639 902 2694 eis
930 2657 1185 2705 manum,
1239 2639 1350 2697 fiue
1391 2642 1676 2715 ingenium
1703 2637 1987 2696 attendere
2009 2683 2023 2704 ,

423 2741 588 2804 atque
605 2729 674 2787 ad
693 2750 796 2798 eas,
809 2753 939 2808 quas
948 2738 1320 2803 Menetrierii‚
1343 2739 1425 2802 *ἢ
1439 2737 1903 2802 Bouhourfii,***)
1913 2735 2023 2794 alii-

1866 2853 1955 2900 que

599 3025 632 3073 *)
664 3022 704 3063 S.
737 3024 933 3076 Gregorius
963 3026 1024 3067 M.
1054 3031 1113 3068 lib.
1144 3027 1189 3068 Π,
1220 3030 1369 3080 Dialog.

600 3082 649 3130 *Ἴ
684 3083 743 3121 La
774 3082 924 3122 Science
954 3088 1018 3124 des
1047 3086 1269 3126 Emblemes.

601 3139 665 3190 m)
696 3140 811 3181 Liure
831 3144 986 3183 intitule:
1022 3143 1230 3184 Entretiens
1250 3143 1407 3184 d'Ariste
1429 3153 1466 3184 et
1483 3146 1685 3198 d'Eugene.

331 3302 2124 3358 Ἣ
