2295 3867
749 616 1498 691 INDEX

786 729 1114 770 CAPITVM
1139 729 1460 769 REGVLAE

527 821 1078 871 SANCTRSSIMI
1122 822 1185 870 P.
1220 818 1714 869 BENEDIC'M.

376 930 397 950 a
496 923 862 951 —--—5W2=
1055 915 1478 953 mom—*==

324 1066 707 1108 Prologus...
822 1088 855 1099 0·
895 1087 906 1099 ι
925 1089 1010 1101 ...
1026 1088 1083 1099 ....
1129 1088 1214 1101 ....

325 1116 483 1150 CAPVT
507 1121 529 1150 Ι.
558 1118 608 1148 De
631 1088 804 1157 generibus
822 1117 879 1147 vel
898 1118 965 1147 vita
985 1115 1251 1150 monachorum..

325 1167 481 1199 CAPVT
505 1171 548 1201 ΙΙ.
577 1168 686 1208 Qualis
707 1165 826 1198 debeat
846 1165 906 1197 effe
924 1165 1070 1202 Abbas..
1291 1189 1367 1202 ....
1381 1189 1413 1200 .-
1426 1189 1458 1200 ..
1478 1187 1488 1197 .
1551 1189 1560 1198 .
1578 1191 1587 1200 .

325 1218 480 1251 CAPVT
505 1221 559 1252 III
580 1220 631 1249 De
659 1216 849 1250 adhibendis
869 1216 909 1249 ad
931 1217 1097 1249 confilium
1109 1191 1310 1252 fratribus„
1429 1242 1440 1252 .
1481 1241 1533 1253 ...
1599 1238 1609 1248 .
1626 1240 1659 1249 ..

323 1269 481 1303 CAPVT
505 1273 567 1303 IV.
590 1263 690 1312 Quae
713 1267 768 1300 sint
788 1269 989 1300 instrumenta
1009 1269 1165 1302 bonorum
1185 1278 1353 1311 operum

322 1318 479 1354 CAPVT
504 1325 549 1356 V
576 1322 627 1352 De
659 1318 886 1354 Obedientia..
907 1346 939 1354 „
980 1346 989 1355 .
1027 1344 1061 1355 ..
1123 1345 1134 1355 .

322 1370 477 1404 CAPVT
503 1375 562 1404 VI.
590 1372 641 1403 De
668 1370 939 1404 Taciturnitate..
959 1396 966 1406 .

321 1422 474 1455 CAPVT
502 1426 581 1454 VII.
606 1422 657 1454 De
682 1423 909 1458 Humilitate.
1030 1447 1063 1457 ..
1234 1445 1286 1457 -..
1314 1447 1350 1457 ..
1367 1446 1377 1457 .

322 1473 407 1506 CAI
412 1472 475 1505 VT
501 1476 596 1506 VIII.
625 1476 676 1505 De
696 1474 816 1503 Officiis
845 1473 961 1505 diuinis
990 1473 1023 1505 in
1060 1449 1250 1508 noctibus..
1372 1497 1404 1507 ..
1421 1497 1475 1510 ...
1516 1496 1549 1507 ..

321 1524 475 1557 CAPVT
501 1527 560 1557 IX.
589 1525 704 1564 Quanti
723 1523 832 1566 psalmi
855 1519 987 1556 dicendi
1007 1524 1064 1556 sint
1086 1525 1120 1556 in
1143 1527 1310 1557 nocturnis
1330 1526 1429 1559 horis,
1442 1550 1453 1559 .
1471 1550 1480 1558 .
1493 1549 1504 1559 .
1519 1547 1552 1558 ..
1595 1545 1605 1556 .

319 1575 475 1608 CAPVT
502 1578 542 1608 X.
573 1576 718 1615 Qualiter
752 1575 875 1607 aestatis
902 1583 1051 1616 tempore
1079 1583 1189 1619 agatur
1216 1583 1374 1609 nocturna
1406 1576 1512 1609 laus..
1530 1599 1538 1609 .
1575 1597 1584 1607 .
1625 1597 1636 1607 .
1677 1596 1755 1608 ....

318 1625 476 1659 CAPVT
502 1628 559 1659 XI.
588 1628 733 1665 Qualiter
766 1625 937 1658 dominiciS
969 1627 1085 1660 diebus
1117 1628 1258 1668 Vigiliae
1289 1634 1626 1669 agantur.........
1670 1649 1679 1657 .

318 1677 475 1710 CAPVT
501 1679 577 1713 XII,
605 1676 775 1717 Quomodo
810 1676 1049 1710 Matutinorum
1089 1676 1272 1711 solemnitas
1303 1684 1425 1719 agatur.
1438 1701 1449 1712 .
1466 1701 1475 1711 .
1488 1700 1498 1711 .
1517 1701 1550 1712 ..
1568 1700 1601 1712 ..
1621 1701 1628 1709 .

317 1724 476 1761 CAPVT
501 1729 594 1760 XIII.
622 1729 761 1760 Priuatis
782 1728 894 1761 diebus
926 1726 1064 1769 qualiter
1092 1727 1249 1761 Matutini
1273 1736 1438 1770 agantur..
1457 1753 1467 1762 .
1561 1751 1593 1762 ..
1611 1751 1643 1762 ..
1663 1752 1671 1760 .
1714 1750 1747 1760 ..

319 1778 474 1812 CAPVT
500 1781 595 1811 XIV.
622 1781 660 1810 In
691 1779 844 1812 natalitiis
869 1780 1058 1812 Sanctorum
1086 1779 1224 1820 qualiter
1254 1786 1384 1820 agantur
1413 1779 1592 1820 Vigfflae..
1611 1803 1642 1812 ..
1661 1801 1694 1813 ..
1713 1804 1747 1814 ..
1764 1801 1800 1812 ..

318 1830 474 1862 CAPVT
500 1831 577 1863 XV.
605 1830 750 1863 Alleluia
780 1828 895 1872 quibus
922 1829 1119 1873 temporibus
1149 1830 1287 1864 dicatur.
1300 1856 1310 1865 .
1329 1856 1361 1867 ..
1373 1856 1382 1866 .
1424 1855 1434 1866 .
1446 1855 1458 1866 .
1476 1854 1487 1866 .
1499 1855 1510 1865 .
1526 1855 1561 1867 ..
1578 1854 1609 1866 ..
1623 1854 1656 1865 ..
1695 1852 1704 1863 .
1719 1854 1728 1862 .
1740 1853 1751 1862 .
1771 1854 1781 1863 .

317 1881 473 1913 CAPVT
498 1882 591 1916 XVI.
619 1880 766 1921 Qualiter
786 1882 892 1913 diuina
926 1891 1028 1924 opera
1049 1890 1109 1924 per
1132 1882 1214 1914 diem
1235 1887 1376 1923 agantur,
1389 1910 1399 1919 ,
1421 1908 1453 1918 .,
1473 1908 1504 1917 ..
1520 1905 1643 1917 ......
1663 1906 1671 1915 .
1685 1904 1694 1914 .
1714 1906 1723 1915 .
1763 1901 1801 1916 ..

318 1932 474 1963 CAPVT
499 1933 606 1966 XVII.
637 1934 724 1971 Quot
749 1933 857 1975 psalmi
878 1941 940 1976 per
962 1932 1087 1965 easdem
1106 1932 1201 1964 horas
1220 1932 1359 1965 canendi
1378 1934 1488 1969 sunt..
1505 1956 1539 1967 ..
1560 1958 1593 1968 ..
1610 1957 1619 1967 .
1683 1955 1695 1966 .
1713 1957 1747 1968 ..

316 1982 475 2015 CAPVT
500 1983 626 2016 XVIII.
655 1984 728 2022 Quo
768 1983 883 2015 ordine
917 1983 975 2025 ipsi
1004 1983 1155 2070 psalmmi
1144 1983 1273 2015 dicendi
1305 1984 1454 2020 sunu...
1472 2009 1483 2019 .

317 2032 475 2066 CAPVT
501 2035 589 2065 XIX.
617 2034 668 2066 De
700 2034 864 2077 disciplina
895 2034 1086 2076 ρίὶιῌεηάῑΗ

318 2084 475 2117 CAPVT
500 2087 575 2118 XX.
606 2092 654 2117 De
675 2087 853 2118 reuerentia
878 2086 1076 2121 Orationis..

318 2135 476 2168 CAPVT
500 2139 591 2169 XXI.
619 2138 669 2167 De
688 2137 826 2168 Decanis
849 2137 1061 2172 monasterii..
1182 2160 1193 2171 .
1232 2161 1244 2171 .
1286 2160 1296 2171 .

319 2185 476 2219 CAPVT
500 2189 606 2220 XXII.
634 2187 806 2226 Quomodo
836 2187 992 2219 dormiant
1017 2187 1205 2224 monachi,

319 2236 475 2271 CAPVT
502 2241 622 2271 XXIII.
653 2240 703 2269 De
726 2240 1065 2271 excommumcatiOne
1093 2212 1291 2282 culparum.
1409 2264 1442 2274 ..
1461 2265 1494 2276 ..
1511 2265 1543 2275 ..

321 2288 475 2321 CAPVT
502 2292 624 2323 XXIV.
654 2289 763 2328 Qualis
785 2288 898 2321 debeat
920 2289 981 2321 effe
1002 2289 1113 2322 modus
1131 2289 1510 2327 excommunicationis„

321 2339 475 2373 CAPVT
500 2342 609 2372 XXV.
636 2341 687 2372 De
725 2340 925 2382 grauioribus
956 2340 1244 2382 culpis...
1261 2368 1272 2377 .
1408 2364 1442 2376 ,.
1461 2368 1468 2375 .
1512 2367 1544 2376 ..
1564 2365 1609 2375 ...
1639 2367 1649 2376 .
1666 2365 1698 2375 ..
1741 2366 1752 2376 .

320 2389 475 2425 CAPVT
501 2393 625 2423 XXVI.
653 2392 703 2422 De
723 2392 781 2430 iis,
809 2393 863 2433 qui
884 2391 947 2424 sine
965 2392 1094 2424 iussione
1114 2364 1252 2424 Abbatis
1274 2393 1446 2434 iunguntur
1476 2391 1777 2425 excommunicatis.

320 2440 476 2476 CAPVT
501 2444 642 2474 XXVII.
671 2442 818 2481 Qualiter
837 2442 954 2474 debeat
964 2441 1075 2476 Abbas
1094 2444 1252 2476 soilicitus
1273 2443 1335 2477 effe
1357 2445 1445 2475 circa
1465 2444 1805 2478 excommunicatos,„

319 2493 406 2527 CAP
413 2491 476 2521 VT
502 2494 659 2524 XXVIII.
688 2494 738 2523 De
759 2492 817 2531 iis,
862 2494 917 2534 qui
949 2494 1071 2535 saepius
1094 2494 1235 2526 correcti
1273 2504 1339 2525 non
1370 2494 1646 2527 emendauerint..
1666 2518 1698 2528 ..
1721 2521 1728 2528 .
1742 2519 1751 2528 .
1769 2518 1800 2527 .-

319 2542 477 2577 CAPVT
504 2545 626 2575 XXIX.
652 2543 684 2575 Si
707 2542 844 2576 debeant
872 2544 983 2575 iterum
1006 2545 1107 2586 recipi
1130 2544 1245 2576 fratres
1275 2552 1431 2576 exeuntes
1454 2546 1495 2576 de
1529 2544 1750 2582 monasterio„
1771 2571 1804 2580 ,.

320 2592 478 2628 CAPVT
503 2596 610 2626 XXX.
642 2596 693 2625 De
719 2595 829 2637 pueris
858 2594 973 2626 minori
1002 2602 1104 2626 aetate
1118 2619 1127 2634 ,
1172 2595 1311 2637 qualiter
1341 2599 1572 2638 corripiantur.
1585 2619 1622 2630 .,.
1635 2619 1646 2630 .
1666 2620 1675 2629 .
1688 2619 1698 2629 .
1717 2622 1724 2630 .
1739 2620 1749 2629 .
1768 2619 1800 2630 ..

320 2644 478 2678 CAPVT
502 2646 624 2677 XXXI.
652 2646 703 2676 De
734 2645 904 2678 cellerario
941 2645 1139 2683 monasterii,
1186 2646 1289 2687 qualiS
1317 2645 1364 2681 fit.
1377 2671 1388 2682 .
1409 2671 1417 2680 ,
1430 2672 1440 2682 .
1460 2671 1493 2683 ..
1511 2671 1542 2682 0.
1563 2674 1573 2683 .
1586 2675 1596 2684 .
1615 2671 1623 2680 .
1636 2670 1648 2680 .
1665 2671 1697 2681 ..
1717 2673 1725 2680 .
1739 2672 1749 2680 .
1769 2671 1800 2681 ..

321 2694 477 2728 CAPVT
502 2697 637 2728 XXXII.
665 2697 716 2729 De
732 2695 953 2735 ferramentis,
988 2697 1045 2727 vel
1073 2696 1166 2727 rebus
1186 2696 1376 2731 monasterii.
1389 2723 1400 2732 .
1419 2723 1452 2733 ..
1470 2724 1502 2735 ..
1515 2725 1523 2732 .
1537 2723 1546 2733 .
1567 2724 1576 2733 .
1589 2724 1599 2733 .
1618 2722 1650 2733 ..
1669 2722 1700 2731 ..
1720 2723 1729 2732 .
1772 2723 1780 2731 .

324 2745 477 2779 CAPVT
502 2748 657 2779 XXXIII.
685 2748 718 2779 Si
738 2748 813 2789 quid
841 2746 979 2779 debeant
999 2746 1147 2779 monachi
1170 2748 1335 2789 proprium
1358 2748 1490 2783 habere,
1503 2776 1513 2785 .
1529 2774 1539 2784 .
1552 2775 1561 2784 .
1581 2775 1589 2784 ,
1601 2775 1612 2784 .
1633 2773 1641 2780 .
1655 2773 1666 2783 .
1684 2774 1692 2782 .
1705 2773 1716 2783 .
1730 2772 1738 2782 .
1751 2773 1761 2782 .
1779 2774 1788 2784 .
1800 2773 1811 2783 .

324 2797 479 2828 CAPVT
503 2798 660 2829 XXXIV.
688 2798 722 2830 Si
743 2807 852 2829 omnes
873 2798 1049 2840 aequaliter
1086 2794 1226 2829 debeant
1261 2799 1433 2832 necessaria
1465 2802 1629 2842 accipere.
1641 2824 1679 2836 ...
1694 2827 1701 2835 .
1722 2824 1755 2835 ..
1774 2822 1807 2833 .-

323 2847 479 2879 CAPVT
504 2848 647 2884 XXXV,
675 2850 726 2880 De
748 2850 976 2891 septimanariis
1008 2850 1202 2889 coquinae..
1220 2874 1228 2882 .
1242 2873 1252 2882 .
1272 2874 1281 2883 .
1294 2873 1305 2884 .
1323 2874 1356 2885 ..
1375 2876 1406 2885 ..
1425 2877 1457 2888 ..
1476 2878 1507 2888 ..
1522 2875 1531 2885 .
1544 2875 1554 2885 .
1573 2877 1581 2885 ·
1594 2877 1605 2885 ·
1623 2875 1656 2887 ο·
1691 2874 1702 2885 .
1722 2876 1730 2885 ·
1743 2875 1753 2885 ·

323 2898 479 2930 CAPVT
504 2899 660 2930 XXXVI.
689 2900 882 2933 Deinfirmis
898 2898 1095 2933 fratribus..-
1121 2925 1133 2935 .
1153 2925 1185 2934 ..
1205 2924 1238 2934 ..
1258 2927 1290 2937 ..
1308 2925 1341 2937 ·.
1359 2928 1391 2938 ..
1412 2928 1445 2938 ..
1462 2928 1495 2937 ..
1513 2927 1546 2938 0.
1565 2926 1599 2937 ..
1616 2927 1648 2936 ..
1692 2926 1702 2935 .
1721 2926 1752 2936 ..

323 2948 478 2980 CAPVT
504 2949 676 2983 XXXVII.
706 2953 756 2982 De
775 2950 901 2982 senibus
922 2952 980 2981 vel
1005 2949 1214 2986 infantibus..
1232 2976 1287 2987 ...
1301 2977 1310 2986 .
1351 2978 1362 2988 .
1376 2979 1450 2990 ....
1516 2979 1547 2987 ..
1569 2981 1576 2988 .
1620 2978 1629 2987 .

323 2999 476 3032 CAPVT
503 3000 694 3033 XXXVIII.
722 3004 772 3033 De
801 3001 1054 3034 hebdomadario
1089 3002 1226 3036 lectore.
1240 3027 1251 3037 .
1268 3027 1300 3037 ..
1319 3027 1330 3037 .

323 3050 407 3083 CAP
411 3050 476 3078 VT
503 3051 658 3081 XXXIX.
687 3053 737 3082 De
772 3054 912 3084 mensura
939 3051 1119 3087 ciborum.

323 3101 478 3132 CAPVT
503 3101 574 3131 XL
602 3101 652 3131 De
693 3104 831 3135 mensura
864 3110 996 3145 potus..
1088 3129 1098 3139 ,
1413 3134 1443 3143 Η
1464 3131 1496 3141 ,,
1517 3132 1548 3141 „
1567 3132 1575 3141 ,
1590 3132 1598 3140 ,
1616 3132 1649 3143 ,,
1668 3132 1700 3143 ,,
1719 3132 1729 3142 ,
1771 3132 1779 3140 ,
1814 3129 1818 3136 .

323 3152 479 3184 CAPVT
507 3152 593 3183 XLI
624 3151 747 3190 Quibus
779 3153 866 3186 horis
898 3160 1047 3196 oporteat
1080 3154 1176 3187 refice
1161 3166 1212 3188 re
1212 3129 1401 3193 ‘'fratres'‘
1568 3182 1673 3194 .....
