2341 3862
287 572 637 623 VNIVERSIS
696 569 839 619 DIVI
899 568 1271 617 BENEDICTI
1328 569 1880 622 COENOBITARVM

181 709 186 740 3
358 664 450 718 IN
478 659 960 717 OCCIDENTE
988 657 1402 715 PARENTIS
1427 658 1805 717 ALVMNIS

284 759 521 828 QVOVIS
550 757 939 807 DIGNITATIS
970 756 1382 805 SPLENDORE
1413 755 1880 806 ORNATISSIMIS
1978 777 1981 779 ·

652 841 1237 915 SODALIBVS
1290 841 1512 913 SVIS

283 952 506 1002 SVMMA,
538 951 655 1004 QVA
676 951 880 999 DEOET,
911 950 1179 998 PIETATE,
1212 948 1602 998 REVERENTIA,
1627 949 1879 990 HONORE

895 1027 922 1059 c
946 1032 973 1060 o
996 1030 1024 1061 L
1047 1030 1073 1058 E
1095 1029 1129 1059 N
1150 1029 1180 1058 D
1203 1029 1217 1058 1
1239 1028 1262 1059 s

353 1097 541 1146 BEDA
561 1094 929 1155 SCHVSTER,
952 1093 1344 1143 MONACHVS
1365 1093 1812 1144 MELLICENSIS

699 1185 778 1224 ET
807 1182 1224 1224 BIBLIOTHECAE
1258 1181 1471 1223 CVSTOS

494 1262 766 1321 PERPE
775 1261 892 1319 TV
884 1262 1027 1319 AM
1066 1262 1178 1320 FE
1186 1261 1352 1320 LICI
1357 1260 1463 1317 TA
1471 1259 1669 1319 TEM.

283 1770 662 1877 fflP‘chOdlt
693 1815 914 1877 tandem
944 1819 1002 1875 in
1044 1816 1269 1876 luminis
1312 1835 1469 1875 auras
1509 1815 1651 1874 bono
1686 1817 1886 1893 potiffi-
1978 1807 1982 1877 {s

184 1982 187 1985 ³
283 1876 517 2012 Qssssfiff
559 1935 714 1974 mum
736 1917 912 1975 vestro
933 1914 1139 1974 sodales
1160 1919 1374 1974 summe
1401 1914 1718 1980 reuerendi,
1744 1935 1885 1990 quae

328 1977 361 1990 rx

390 2020 426 2064 ᾗ
559 2015 672 2072 iam
719 2015 1143 2090 quinquaginta,
1193 2025 1248 2071 et
1296 2011 1444 2089 quod
1492 2014 1734 2071 excurrit
1773 2032 1886 2071 am·
1979 2021 1984 2026 ‘

287 2110 452 2185 plius,
487 2130 658 2168 annos
684 2113 823 2169 inter
851 2110 1172 2167 domesticos
1200 2111 1439 2183 parietes
1468 2110 1676 2168 nostros
1704 2111 1886 2176 latuit,
1981 2093 1989 2146 ᾗ·

187 2258 190 2277 2
287 2208 646 2269 REGVLA
692 2207 1307 2266 EMBLEMATICA
1348 2205 1399 2262 S.
1427 2207 1886 2266 BENEDICTI

187 2346 191 2362 ,-
287 2325 320 2362 a
340 2306 638 2363 Bonifacio
667 2304 904 2365 Gallner
929 2300 1216 2361 coenobita
1241 2300 1552 2362 Mellioenfi
1578 2306 1788 2362 summa
1809 2306 1886 2361 in-

291 2400 498 2461 dustria
521 2416 748 2479 arteque
776 2403 1091 2478 politissima
1115 2396 1401 2458 elaborata.

463 2504 705 2567 Actum,
744 2498 892 2577 quod
918 2495 1212 2575 prouerbio
1243 2510 1522 2565 vetamur,
1559 2519 1807 2574 agerem,
1846 2500 1886 2558 fi

189 2661 193 2664 Δ
290 2600 396 2656 viri
428 2599 587 2657 huius
616 2596 768 2658 nobis
799 2595 1024 2674 quidem
1050 2593 1454 2656 Mellioenfibus
1475 2596 1886 2656 aestimatiffimi

189 2696 194 2753 ζ
294 2700 485 2763 vitam,
530 2700 870 2773 virtutesque
894 2694 1189 2754 laudandas
1208 2695 1299 2752 hic
1323 2694 1502 2753 denuo
1526 2697 1887 2771 susciperem,

190 2804 195 2837 ἱ
294 2796 648 2872 posteaquam
664 2797 941 2854 Martinus
961 2796 1228 2870 Kropfius
1250 2792 1442 2852 sodalis
1465 2813 1618 2852 meus
1638 2790 1887 2858 *Dlabore

294 2891 400 2950 hoo
429 2906 556 2952 ante
588 2914 679 2951 me
701 2893 910 2952 dudum
937 2895 1260 2970 perfunctus
1292 2895 1508 2969 egregie
1536 2894 1657 2951 fuit.
1739 2894 1886 2966 Quo-

1699 3007 1815 3040 Illam

462 3129 494 3177 *)
527 3126 567 3165 In
596 3127 822 3168 Bibliotheca
852 3127 1057 3167 Mellicenfi
1087 3128 1181 3179 Pag.
1214 3140 1307 3176 540.
1338 3138 1376 3167 et
1406 3129 1502 3176 seqq.

1071 3353 1141 3387 δὲδὲ
