2341 3862
450 567 762 629 Multorum
788 567 950 634 ade0‚
974 580 1141 643 atque
1158 567 1254 626 hos
1274 571 1423 629 inter
1444 577 1689 637 virorum
1710 582 1879 638 etiam

287 674 500 728 summa
529 668 853 725 auctoritate
882 666 1212 742 pollentium
1242 664 1507 727 desiderio
1539 679 1885 749 acquiescen-

286 765 418 825 dum
453 763 676 822 tandem
706 775 854 821 ratus
890 761 1402 823 Reuerendiffimus
1423 779 1477 824 et
1496 769 1883 846 Amplisfimus

287 867 361 924 D.
400 858 658 925 Vrbanus
686 856 869 919 Abbas
901 879 1057 919 meus
1087 860 1250 920 nullis
1272 908 1286 928 ‚
1351 883 1492 938 quae
1530 869 1702 927 effusa
1730 874 1882 928 Mae·

189 940 191 943 V
281 963 490 1020 cenatis
523 959 682 1017 huius
716 961 929 1016 summe
963 958 1102 1017 mihi
1129 959 1431 1019 venerandi
1467 964 1525 1019 in
1555 984 1880 1039 promouen-

284 1059 376 1118 das
411 1059 639 1124 litteraS‚
682 1058 1055 1132 ingenuasque
1078 1069 1220 1115 artes
1249 1076 1441 1116 omnes
1469 1058 1761 1121 liberalitas
1781 1065 1878 1130 est,

280 1152 541 1215 sumtibus
604 1156 883 1230 pepercit,
950 1166 1012 1211 vt
1054 1153 1412 1230 posthumum
1462 1158 1569 1214 hoc
1623 1159 1885 1220 Gallneri

280 1255 448 1313 nostri
478 1273 613 1329 opus
640 1264 891 1310 accurata
910 1250 1014 1311 hac
1039 1251 1214 1309 nitida
1242 1251 1482 1311 editione
1509 1253 1836 1330 vulgaretur.

449 1353 567 1409 Iam
594 1370 726 1408 vero
750 1351 894 1416 fore,
947 1362 1006 1407 vt
1029 1349 1166 1408 illud
1195 1350 1396 1410 vestros
1423 1371 1641 1429 quoque
1670 1354 1875 1414 sodales

278 1451 432 1507 omni
465 1448 604 1506 mihi
650 1448 862 1506 honore
910 1447 1306 1524 prosequendi,
1350 1468 1524 1524 aeque
1566 1470 1630 1509 ac
1667 1453 1874 1528 Ziegel-

276 1544 461 1605 baueri
505 1546 722 1612 ocu108,
787 1548 923 1621 quin
974 1558 1028 1603 et
1075 1549 1327 1604 animum
1367 1543 1703 1615 oblectetur,
1760 1571 1873 1608 non

277 1665 385 1702 vna
437 1644 506 1702 dc
552 1648 750 1710 causa,
816 1656 874 1702 vt
920 1644 1059 1703 mihi
1104 1642 1497 1721 persuadeam,
1576 1647 1739 1706 facile
1782 1648 1873 1707 ad-

278 1740 466 1800 ducor.

450 1843 607 1898 Nam
643 1842 888 1916 primum
916 1842 1058 1899 inter
1078 1841 1395 1901 innumeras
1423 1862 1601 1919 prope
1623 1847 1866 1904 virorum

281 1935 656 2003 eruditorum,
725 1937 917 2013 quibus
969 1943 1179 1997 sacram
1222 1941 1471 2017 regulam
1520 1943 1760 2002 nostram
1802 1943 1873 2001 ad

277 2032 413 2092 haec
437 2038 604 2109 Vsque
631 2048 885 2111 tempora
912 2036 1285 2111 explicarunt,
1324 2038 1691 2106 illustrarunt,
1724 2039 1872 2098 lucu-

277 2128 548 2189 brationes
569 2131 706 2190 haec
726 2133 947 2208 Regula
973 2131 1358 2192 emblematica
1374 2179 1388 2201 ,
1440 2135 1588 2209 quod
1609 2136 1872 2211 equidem

275 2231 470 2293 sciam,
528 2232 587 2286 in
617 2229 723 2288 hoc
751 2232 1058 2305 argumenti
1095 2249 1295 2305 genere
1328 2231 1509 2304 prima
1536 2233 1624 2291 est.
1675 2236 1806 2294 Nae
1828 2236 1869 2294 fi

274 2329 393 2402 quis
436 2326 571 2384 alius
606 2329 758 2402 prior
790 2325 846 2384 id
870 2346 1040 2403 genus
1075 2325 1318 2385 laborem
1355 2330 1415 2384 in
1448 2332 1504 2386 se
1538 2333 1870 2407 suscepisset,

275 2444 455 2499 neque
490 2423 810 2482 clarissimus
840 2424 1122 2483 Calmetus
1150 2425 1327 2482 noster
1362 2427 1420 2482 in
1456 2425 1770 2503 longissimo
1806 2450 1871 2488 ac

277 2522 649 2598 operosissimo
675 2533 994 2590 auctorum,
1060 2524 1152 2597 qui
1179 2525 1239 2579 in
1264 2519 1427 2581 verba
1455 2526 1773 2584 sanctissimi
1798 2528 1870 2585 le-

277 2620 543 2697 gislatoris
589 2620 758 2677 nostri
800 2622 1160 2679 commentati
1208 2623 1364 2685 sunt,
1408 2619 1592 2680 indice
1617 2667 1631 2689 ‚
1689 2644 1870 2699 neque

287 2717 674 2776 eruditisfimus
702 2716 1124 2794 Ziegelbauerus
1154 2720 1212 2776 in
1251 2717 1468 2777 laudata
1501 2723 1749 2795 superius
1768 2724 1871 2780 Hi-

278 2816 438 2873 storia
473 2814 737 2874 litteraria
777 2815 834 2874 id
869 2818 1212 2875 reticuissent.
1278 2816 1639 2877 Dissimulare
1678 2831 1867 2877 tamen

276 2911 368 2970 hic
386 2933 498 2970 non
522 2911 717 2978 debeo,
753 2912 1210 2990 Chrysostomum
1239 2913 1650 2974 Hanthalerum
1676 2915 1866 2975 doctis-

276 3010 470 3068 fimum
498 3012 555 3068 in
575 3007 932 3071 celeberrimo
944 3015 1162 3089 Campo
1183 3010 1425 3071 liliorum
1441 3013 1865 3074 Cisterciensem

1637 3128 1800 3166 coeno·
