2341 3862
409 597 559 651 niam
594 611 728 649 vero
766 588 900 648 liber
940 590 1036 647 iste
1078 592 1259 647 multis
1300 592 1512 648 fortaffe
1552 592 1792 649 vestrum
1830 613 2004 669 aeque

409 711 473 748 ac
500 690 757 750 Gallneri
778 688 945 745 nostri
972 709 1177 746 nomen
1201 690 1509 746 etiamnum
1533 692 1749 765 ignotus
1776 691 1875 758 est,
1914 692 2005 750 vel

410 788 493 846 his
519 789 698 848 saltim
731 806 843 843 non
868 789 1147 861 ingratum
1174 788 1365 853 fuerit,
1407 806 1582 861 pauca
1607 787 1735 846 inde
1756 789 1864 846 huc
1893 809 2008 847 mu-

409 888 565 944 tuari.

581 986 769 1058 Atque
797 994 854 1040 vt
887 1000 951 1040 ea
988 985 1324 1059 potiffimum
1353 996 1406 1041 et
1437 993 1611 1059 paene
1639 984 1747 1043 sola
1771 1003 2011 1042 comme-

413 1100 627 1137 morem
648 1125 662 1146 ,
709 1101 849 1156 quae
877 1081 946 1138 ad
977 1102 1099 1140 rem
1127 1087 1473 1158 praesentem
1500 1083 1707 1140 faciunt
1731 1130 1748 1149 ,
1792 1080 2008 1140 Riedae

412 1174 616 1236 celebri
642 1180 913 1236 Bavariae
935 1178 1068 1236 olim
1088 1182 1410 1256 superioris,
1450 1198 1599 1237 nunc
1641 1179 1862 1237 ditionis
1896 1182 2012 1236 Au-

411 1275 637 1335 striacae
668 1274 876 1351 oppido
916 1296 1060 1334 anno
1092 1279 1293 1336 saeculi
1339 1279 1577 1354 proximi
1609 1292 1804 1336 octauo
1852 1290 1903 1335 et
1936 1279 2012 1333 se-

411 1374 747 1448 ptuagefimo
790 1372 879 1430 die
925 1391 1000 1445 15.
1033 1372 1365 1433 Decembris
1393 1387 1550 1432 natus
1587 1377 1882 1434 Gallnerus
1921 1393 2015 1431 no-

412 1469 513 1526 ster
540 1471 652 1527 iam
692 1469 820 1527 inde
849 1466 915 1527 ab
945 1492 1090 1529 anno
1135 1478 1302 1549 1698,
1347 1492 1456 1547 quo
1502 1473 1614 1530 diui
1649 1478 1891 1548 parentis
1923 1492 2016 1530 no-

412 1567 506 1624 stri
533 1566 828 1625 Benedicti
858 1568 1167 1628 institutum
1202 1572 1261 1627 in
1294 1568 1561 1628 coenobio
1592 1572 1773 1629 nostro
1811 1572 2015 1646 profes-

414 1669 499 1722 sus
529 1666 663 1731 fuit,
712 1665 969 1741 singulari
990 1665 1227 1742 quodam
1256 1665 1567 1726 liberalium
1593 1671 1818 1735 artium,
1852 1681 2014 1742 atque

416 1764 476 1819 in
510 1764 704 1837 primis
732 1765 1001 1838 pictoriae
1033 1776 1090 1822 et
1120 1765 1575 1823 architectonicae
1598 1764 1772 1824 studio
1799 1762 2018 1824 teneba-

413 1871 517 1918 tur.
577 1863 699 1919 Has
726 1872 786 1918 vt
819 1863 992 1937 magis
1025 1864 1302 1937 magisque
1331 1882 1400 1920 ex
1427 1865 1599 1921 animi
1626 1866 1895 1922 sententia
1932 1884 2018 1921 ex-

416 1956 660 2023 coleret‚.
711 1956 1110 2019 Vindobonam
1154 1962 1503 2035 superiorum
1537 1964 1760 2018 suorum
1810 1963 2019 2018 assensu

416 2056 719 2130 profectus,
758 2052 942 2132 ibique
972 2055 1335 2115 celeberrimo
1366 2070 1486 2115 tum
1512 2060 1778 2133 temporis
1805 2057 2017 2133 pictore

416 2151 829 2230 architectoque
855 2149 1086 2212 Andrea
1116 2157 1293 2212 Puteo
1326 2159 1574 2229 (Pozzo)
1598 2154 1741 2213 duce
1768 2176 1831 2213 ac
1853 2156 2018 2230 magi-

417 2250 527 2308 stro
563 2254 688 2308 Vsus
715 2263 933 2309 tantum
963 2252 1226 2326 profecit,
1267 2263 1327 2309 vt
1355 2264 1409 2310 et
1433 2253 1861 2329 augustiffimum
1883 2265 2019 2310 tem-

417 2348 574 2420 plum
614 2348 862 2405 nostrum
892 2351 1263 2407 concinnioris
1300 2361 1464 2424 atque
1504 2350 1848 2428 elegantioris
1888 2353 2021 2407 stru-

417 2456 609 2503 cturae
632 2448 759 2503 suae
787 2457 1001 2520 partem
1028 2468 1142 2505 non
1172 2449 1463 2505 minimam
1492 2451 1606 2506 eius
1623 2450 1846 2524 ingenio
1867 2459 1922 2505 et
1941 2450 2020 2504 in-

421 2542 655 2600 dustriae
686 2540 888 2601 debeat.
940 2552 1009 2603 Et
1036 2562 1348 2620 quanquam
1388 2545 1457 2602 ad
1496 2544 1823 2603 coenobium
1861 2551 2020 2604 suum

419 2643 666 2697 reuersus
710 2641 817 2696 viri
860 2641 1094 2717 religiosi
1138 2642 1540 2718 sacerdotisque
1594 2644 1787 2701 officiis
1840 2662 2020 2719 neque

418 2740 568 2813 prius
590 2739 921 2812 quicquam,
954 2759 1134 2815 neque
1160 2743 1435 2815 antiquius
1455 2736 1669 2807 habuit,
1709 2741 2019 2817 horumque

421 2834 664 2901 nullum,
722 2834 905 2910 quoad
942 2840 1109 2913 Vsque
1140 2858 1242 2913 per
1271 2836 1646 2897 valetudinem
1684 2839 1865 2905 licuit,
1911 2838 2017 2896 die-

421 2929 517 2990 bus
552 2953 615 2991 ac
648 2930 897 2990 noctibus
924 2935 1189 3010 neglexit3
1226 2933 1487 3011 quicquid
1512 2948 1699 2994 tamen
1732 2933 1799 2995 ab
1832 2935 1915 2994 his
1941 2956 2019 2994 re-

421 3029 561 3103 liqui
589 3040 780 3087 nactus
807 3028 883 3087 est
918 3032 1039 3098 otii,
1071 3033 1129 3092 id
1148 3053 1314 3092 omne
1340 3032 1643 3110 pingendo,
1671 3033 2018 3099 delineandO,

1851 3136 1948 3183 scri-

330 3311 2128 3354 Ἣ
