2341 3862
184 647 188 653 ἱ
283 570 591 637 scribendo,
630 569 858 644 aliisque
886 566 942 626 id
976 588 1144 645 genus
1177 569 1484 628 liberalibus
1513 585 1566 630 et
1597 575 1700 647 piis
1737 569 1876 631 labo-

183 665 188 727 s
283 669 428 741 ribus
454 669 723 744 transegit.
772 670 920 731 Inter
948 666 1132 742 plura,
1174 688 1315 743 quae
1342 664 1495 725 nobis
1528 685 1579 725 et
1598 671 1805 744 ingenii
1827 680 1880 726 et

178 805 183 806 ff
282 770 411 829 artis
429 768 651 841 reliquit
678 779 1062 832 monumenta,
1095 769 1463 843 praecipuum
1481 765 1684 824 isthaec
1711 766 1787 822 est
1805 786 1883 821 re-

283 868 432 942 gula,
478 867 632 923 cuius
666 859 995 925 emblemata
1025 866 1164 923 vinis
1191 861 1462 922 coloribus
1492 863 1882 940 elegantiffime

284 967 490 1041 pinxit,
533 959 698 1021 verba
734 981 871 1020 vero
898 962 1208 1020 litterarum
1247 964 1441 1020 formis
1481 961 1885 1025 venustiffimiS,

182 1101 187 1103 -
284 1075 341 1121 et
375 1075 638 1142 tanquam
663 1063 810 1138 typis
843 1063 1118 1137 expressae
1169 1061 1355 1118 forent
1393 1063 1576 1118 aeneis
1598 1106 1612 1126 ‚
1659 1059 1885 1117 effinxit.

284 1165 524 1220 Manum
553 1162 689 1225 eiuS‚
727 1180 842 1217 non
877 1158 1105 1218 dubium
1138 1158 1246 1225 est,
1299 1159 1433 1233 quin
1464 1155 1684 1215 duxerit
1723 1175 1885 1213 vene-

289 1255 562 1317 rabundus
604 1256 699 1314 ille
739 1278 922 1324 amor,
977 1276 1086 1333 quo
1123 1258 1181 1313 in
1218 1260 1430 1314 sacram
1464 1254 1607 1311 hane
1638 1252 1885 1329 regulam

292 1357 534 1415 nostram
562 1352 868 1422 ferebatur,
911 1366 965 1413 et
999 1375 1107 1430 quo
1139 1357 1394 1413 incitatus
1437 1355 1551 1410 vita
1583 1371 1804 1426 quoque
1835 1363 1889 1408 et

188 1464 192 1541 J
290 1451 530 1514 moribus
563 1454 797 1515 eandem
831 1453 996 1528 longe
1033 1451 1316 1528 pulchrius
1357 1463 1410 1509 et
1441 1450 1682 1517 felicius,
1721 1468 1890 1524 quam

289 1553 552 1629 penio-illo
582 1566 635 1611 et
660 1552 869 1611 calamo
899 1553 1167 1627 expreffit.
1234 1551 1349 1611 Vel
1379 1549 1504 1624 ipfis
1540 1549 1624 1606 his
1652 1567 1719 1604 ex
1750 1550 1890 1621 sym-

195 1680 198 1681 ⁷
290 1647 447 1717 bolis,
496 1672 586 1709 me
622 1654 791 1710 etiam
820 1662 1063 1715 tacente,
1113 1647 1371 1721 colligere
1416 1658 1704 1722 praeterea
1742 1643 1890 1701 haud

293 1749 591 1808 admodum
615 1750 841 1808 difficile
865 1749 1057 1814 fuerit,
1107 1767 1272 1822 quam
1303 1750 1494 1802 saeuus
1521 1744 1771 1818 eorporis
1792 1744 1893 1808 sui,

187 1863 192 1872 “
291 1859 349 1904 vt
374 1849 434 1905 in
470 1851 790 1906 seruitutem
818 1844 956 1904 illud
993 1844 1291 1920 redigeret,
1339 1842 1505 1901 hostis
1536 1842 1787 1900 extiterit.

464 1948 652 2011 Nam,
671 1998 674 2000 .
693 1957 749 2003 ut
770 1945 930 2021 plura
956 1956 1326 2018 praeteream,
1366 1938 1458 1998 vbi
1490 1941 1700 1996 victum
1736 1941 1796 1995 in
1824 1941 1899 1996 sa·
1993 1989 1996 1996 ,

192 2092 195 2098 s
293 2063 387 2102 cra
412 2044 600 2118 regula
631 2046 769 2118 Cap.
805 2063 888 2118 39.
917 2038 1071 2099 nobis
1098 2042 1452 2115 praefinitum
1484 2034 1810 2095 emblemate
1839 2036 1898 2092 il·
1992 2024 1995 2027 ’

196 2214 198 2217 v
293 2140 505 2205 lustrat,
545 2158 860 2215 quanquam
887 2136 1202 2212 augendum
1241 2136 1390 2193 hune
1420 2137 1612 2198 etiam,
1655 2134 1694 2190 fi
1731 2153 1895 2208 expe-

297 2237 441 2302 diat,
480 2234 683 2296 abbatis
708 2236 962 2313 potestati
989 2232 1479 2309 indulgentiffimus
1507 2230 1783 2306 legislator
1802 2251 1894 2287 no-

296 2335 401 2393 ster
428 2335 716 2411 relinquit,
764 2336 934 2392 trium
959 2345 1147 2390 tamen
1181 2331 1523 2389 ferculorum
1551 2329 1893 2404 postremum

195 2477 202 2504 2
297 2431 367 2491 ad
403 2434 748 2509 voluptatem
774 2429 1114 2508 suppeditari
1149 2430 1351 2495 asserit,
1397 2430 1608 2504 quippe
1644 2429 1736 2484 eui
1770 2427 1895 2502 ipfi,

199 2580 201 2583 .
298 2545 357 2589 vt
387 2532 610 2590 ecelesia
645 2530 715 2589 de
738 2531 956 2590 Sanctis
991 2529 1196 2587 ordinis
1224 2527 1391 2585 nostri
1425 2528 1573 2585 canit
1615 2526 1671 2596 Ὅ

808 2663 829 2671 -
907 2627 1042 2687 Olus
1069 2621 1270 2683 cibaria

530 2730 718 2785 Fuere
744 2725 834 2785 vel
864 2727 1168 2801 legumina,

531 2829 844 2902 Potumque
871 2823 1104 2900 lympha
1138 2820 1419 2898 praebuit,

534 2926 865 2999 Humusque
898 2921 1034 2980 dura
1064 2920 1352 2992 lectulum3

1712 3015 1829 3080 1³0st·
1900 3076 1903 3077 γ

474 3139 507 3186 *)
538 3138 614 3175 Die
638 3151 700 3189 13.
720 3137 824 3177 Nou.
845 3119 1018 3177 memoria
1040 3133 1107 3174 SS.
1126 3135 1387 3174 monachorum
1407 3133 1502 3173 Ord.
1520 3130 1560 3171 S.
1580 3129 1674 3169 Ben.
1692 3130 1802 3168 sacro.

1043 3366 1177 3421 *382
