2341 3862
408 600 705 676 postquam
736 601 944 658 vltimis
973 600 1170 674 viginti
1196 600 1343 656 vitae
1367 600 1494 654 suae
1519 600 1675 655 annis
1705 617 1931 656 omnem
1952 599 2008 655 si·

408 696 463 756 bi
498 699 700 764 carnis,
734 699 876 762 vini,
899 695 1138 771 lectique
1173 699 1355 761 vsum,‘
1392 694 1753 753 annuentibus
1791 708 2008 761 tamen,

409 817 442 853 e
474 814 711 870 quorum
750 792 976 852 arbitrio
1014 794 1178 850 vnice
1208 788 1448 857 viuebat‚
1494 790 1887 867 superioribus,
1930 795 2007 850 in-

408 892 644 950 terdixit.
687 893 777 948 Ex
815 902 967 947 tanta
1001 891 1177 946 victus
1224 887 1574 964 parsimonia,
1622 890 1853 964 aliisque
1889 909 2008 947 cor-

409 992 557 1066 poris
599 984 1039 1046 affiictationibus
1074 983 1456 1045 labefactatam
1479 989 1542 1044 rin
1565 981 1718 1043 breui
1747 985 2008 1046 valetudi-

409 1105 542 1144 nem
577 1086 978 1161 patientissime
995 1081 1327 1142 decennium
1364 1085 1642 1160 integrum
1675 1086 1855 1142 ferens
1895 1087 2008 1143 iam

407 1203 554 1242 anno
584 1200 737 1256 1727.
763 1180 852 1240 die
868 1192 918 1248 8.
938 1179 1152 1257 Aprilis
1178 1183 1645 1257 quinquagenario
1662 1183 1846 1240 minor
1867 1203 2009 1240 mor·
2093 1202 2096 1207 ’

408 1292 525 1338 tem
549 1281 787 1356 piiffime
821 1275 967 1337 obiit.

590 1380 709 1437 Iam
741 1377 890 1452 quod
913 1374 982 1436 ad
1018 1381 1271 1453 praesens
1308 1374 1562 1438 Gallneri
1584 1379 1753 1439 nostri
1776 1397 1913 1456 opus
1932 1389 2009 1437 at·
2093 1365 2096 1368 ⁴

411 1477 575 1541 tinet,
624 1486 892 1550 quotquot
921 1475 1065 1533 illius
1098 1475 1447 1551 archetypon
1483 1499 1586 1536 ceu
1631 1476 1776 1536 haud
1812 1477 2010 1553 postre-

410 1592 570 1630 mum
606 1569 964 1633 bibliothecae
993 1573 1209 1631 nostrae
1237 1588 1625 1634 ornamentum
1648 1574 2009 1651 spectandum

410 1671 623 1727 interea
651 1673 919 1747 temporis
951 1667 1327 1737 exhibebatur,
1367 1692 1545 1747 paene
1573 1673 1796 1750 singuli,
1841 1670 2008 1730 semel

410 1766 550 1826 illud
577 1767 790 1835 vidisse,
829 1787 1179 1845 nequaquam
1212 1771 1336 1828 satis
1361 1766 1457 1828 fibi
1493 1772 1598 1828 esse
1636 1766 2007 1836 affirmabant,

412 1876 469 1923 et
502 1863 593 1922 vel
625 1867 830 1925 iccirco
860 1868 1001 1924 votis
1026 1863 1276 1925 omnibus
1315 1865 1670 1942 expetebant,
1711 1879 1771 1925 vt
1804 1869 1862 1924 in
1878 1886 2009 1924 aere

407 1966 651 2023 incisum
690 1983 820 2021 cum
858 1960 1079 2040 publico
1113 1967 1635 2022 communicaretur.
1684 1968 1782 2023 Ne
1808 1976 2007 2028 autern,

413 2082 584 2139 quam
614 2063 825 2128 verim,
873 2060 1012 2120 haec
1035 2083 1069 2120 a
1105 2081 1196 2119 me
1228 2061 1374 2119 dicta
1406 2062 1698 2137 speciosius
1744 2061 2011 2120 existime-

411 2163 482 2219 tis
508 2156 720 2218 sodales
742 2178 879 2216 -cum
913 2161 1107 2234 primis
1130 2160 1274 2216 mihi
1302 2155 1653 2226 obseruandi,
1687 2179 1861 2218 vnum
1889 2162 2011 2217 Ma-

414 2254 720 2335 gnoaldum
746 2253 1202 2332 Ziegelbauerum
1219 2256 1468 2314 nostrum
1485 2259 1822 2315 notissimum
1843 2253 2013 2320 vobis,

415 2358 629 2429 totique
660 2349 778 2411 orbi
809 2353 1023 2412 erudito
1063 2373 1269 2412 nomen
1304 2354 1602 2430 appellasse
1635 2355 1925 2413 suffecerit.
1964 2356 2013 2410 Is

417 2451 697 2512 Historiae
736 2450 1034 2510 litterariae
1064 2452 1270 2510 ordinis
1304 2451 1361 2509 S.
1389 2451 1681 2510 Benedicti
1718 2455 1885 2510 Parte
1911 2454 2013 2510 IV.

419 2570 538 2627 pag.
563 2568 687 2624 493.
737 2550 881 2606 inter
897 2550 1198 2608 nostratum
1218 2547 1473 2607 historiae
1497 2549 1872 2624 iconologicae
1888 2550 2011 2606 scri·

420 2659 647 2723 ptorum
673 2666 843 2721 opera
876 2659 931 2705 et
955 2647 1093 2707 haec
1120 2645 1371 2706 Gallneri
1395 2643 1723 2706 emblemata
1750 2646 2012 2725 elegantffi
2111 2700 2113 2702 ,

409 2743 539 2817 fime
565 2745 708 2822 picta
746 2764 1184 2804 commemorans
1210 2744 1630 2822 Manufiripcum
1659 2744 1712 2802 in
1721 2744 1899 2815 solih,
1934 2746 2015 2802 in-

421 2844 571 2918 quit,
622 2842 832 2922 dignum
866 2844 1103 2909 omnino,
1157 2860 1212 2901 vt
1245 2862 1359 2900 aere
1397 2841 1608 2916 incg'fitm
1617 2840 1892 2917 ι[ὂάαῖίὸιιε
1928 2863 2015 2899 no·
2088 2891 2089 2894 ,

410 2941 545 3015 stris
573 2937 635 2996 ob
664 2938 843 2997 oculos
879 2942 1243 3016 constit-uatum·
1295 2960 1441 3000 meos
1473 2957 1605 2998 certe
1637 2939 1910 3020 aliquando
1945 2940 2015 2998 νὶ-

409 3038 533 3112 fitm
567 3036 689 3097 mire
724 3035 1004 3096 oblectauit.

1830 3138 1946 3188 Mul-
