2341 3862
440 592 920 674 praefiriptionibus
955 593 1025 649 ad
1046 594 1269 672 populos
1289 597 1425 670 suae
1439 595 1570 669 fidei
1595 591 1911 652 concreditos
1930 590 2034 648 val-

442 693 500 750 de
529 692 914 750 accommodata
949 691 1116 749 media
1151 711 1378 770 caperet,
1423 692 1670 750 Thomas
1699 691 1957 756 Galetus,
1984 692 2038 752 2⁶)
2132 675 2141 721 Ῑ

441 788 500 848 id
536 788 684 865 quod
714 788 924 847 dudum
950 785 1101 847 vobis
1129 791 1467 846 notissimum
1497 789 1595 855 est,
1638 789 1880 846 testatur.
1930 790 2039 845 Mi·

442 907 543 946 nus
580 907 711 945 vero
744 888 878 952 istis,
934 887 974 943 fi
1001 899 1254 945 truncata
1291 887 1472 944 solum
1507 888 1563 945 S.
1594 885 1846 961 Regu1ae
1874 884 2040 944 verba
2135 920 2141 926 >v

444 980 858 1043 emblematibus
893 980 1177 1042 subiuncta
1212 984 1304 1041 hie
1347 982 1864 1060 deprehenderent,
1914 1005 2039 1041 eon-

443 1082 647 1140 sultum
689 1083 833 1148 fore,
893 1081 1155 1156 posterius
1193 1078 1344 1140 vobis
1379 1081 1648 1149 dixerim,
1698 1101 1864 1157 quam
1902 1082 2040 1140 mihi
2138 1104 2145 1157 fg

444 1179 694 1238 credatis,
2141 1233 2144 1236 .

612 1278 907 1353 Atque1ex
935 1276 1018 1334 his
1051 1288 1241 1353 patere
1267 1274 1482 1336 abunde
1504 1281 1726 1354 opinor,
1766 1276 1823 1335 id
1848 1297 2043 1343 vnum,
2139 1267 2144 1337 ]

445 1387 508 1431 vt
545 1393 667 1431 rem
704 1375 822 1433 aliis
853 1387 1088 1452 gratam,
1137 1376 1440 1451 vtilemque
1472 1377 1806 1442 faceremUS‚
1862 1378 1920 1433 in
1950 1376 2044 1433 hu-

444 1473 527 1530 ius
554 1491 653 1530 nos
679 1472 928 1549 opusculi
949 1473 1192 1532 editione
1206 1473 1518 1540 intendiffe,
1545 1474 1930 1549 affirmareque
1957 1493 2043 1531 ve-

452 1591 514 1629 re
545 1591 673 1629 cum
708 1575 881 1629 Poeta
919 1574 1091 1647 poss'e:

653 1735 663 1740 ,q
1261 1672 1401 1728 Non
1429 1671 1602 1747 gloria
1642 1668 1795 1728 nobis

692 1769 873 1827 Causa
905 1767 1000 1826 sed
1033 1767 1264 1833 Vtilitas,
1306 1768 1661 1843 officiumque
1693 1771 1813 1827 fuit.

621 1863 788 1922 Nihil
819 1868 1005 1941 itaque
1041 1864 1348 1942 optandum
1365 1886 1516 1923 nune
1546 1863 1700 1925 nobis
1738 1869 1938 1944 magis,
1969 1870 2045 1924 so-

449 1959 597 2019 dales
628 1964 782 2020 omni
808 1965 1038 2038 pietate,
1084 1966 1424 2029 reuerentia,
1459 1963 1671 2022 honore
1700 1966 1839 2022 mihi
1864 1965 2041 2022 colen-

451 2059 534 2126 di,
573 2078 741 2136 quam
768 2071 828 2117 vt
857 2060 1082 2127 eodem,
1129 2081 1238 2136 quo
1278 2081 1311 2118 a
1353 2058 1506 2120 nobis
1535 2063 1793 2129 offertur,
1827 2064 2045 2128 animO,

452 2156 510 2216 id
541 2157 644 2225 est,
691 2160 905 2234 optimo
935 2158 1073 2217 illud
1100 2161 1270 2217 etiam
1298 2162 1612 2235 suscipiatis.
1670 2161 1899 2222 Valete!
1958 2162 2047 2218 Ex

455 2253 785 2316 bibliotheca
819 2254 1071 2316 coenobii
1106 2256 1439 2316 Mellieenfis
1478 2257 1568 2318 die
1607 2281 1653 2318 2.
1689 2260 1867 2325 Iunii,
1901 2278 2047 2316 anno

463 2363 621 2427 1780.

1078 2490 1389 2607 ff&

979 2579 1189 2722 ῲζξζᾷω
1208 2578 1287 2705 ἐξ
1308 2637 1359 2689 o
1420 2579 1515 2691 X&

636 3146 670 3195 *)
699 3145 838 3193 Libro,
869 3148 931 3197 qui
947 3148 1143 3188 inscribitur
1161 3147 1365 3197 Religiosus
1387 3159 1466 3196 cap.
1485 3144 1515 3185 Ι.
